%% This BibTeX bibliography file was created using BibDesk.
%% https://bibdesk.sourceforge.io/

%% Created for Macarious Abadeer at 2019-09-29 22:51:29 -0400 


%% Saved with string encoding Unicode (UTF-8) 



@inproceedings{Zhang:2013,
	Author = {X. {Zhang} and C. {Liu} and S. {Nepal} and C. {Yang} and W. {Dou} and J. {Chen}},
	Booktitle = {2013 12th IEEE International Conference on Trust, Security and Privacy in Computing and Communications},
	Date-Added = {2019-09-29 22:14:42 -0400},
	Date-Modified = {2019-09-29 22:15:32 -0400},
	Month = {July},
	Pages = {501-508},
	Title = {Combining Top-Down and Bottom-Up: Scalable Sub-tree Anonymization over Big Data Using MapReduce on Cloud},
	Year = {2013}}

@article{Zhang:2014,
	Author = {X. {Zhang} and L. T. {Yang} and C. {Liu} and J. {Chen}},
	Date-Added = {2019-09-29 21:35:10 -0400},
	Date-Modified = {2019-09-29 21:36:00 -0400},
	Journal = {IEEE Transactions on Parallel and Distributed Systems},
	Month = {February},
	Number = {2},
	Pages = {363-373},
	Title = {A Scalable Two-Phase Top-Down Specialization Approach for Data Anonymization Using MapReduce on Cloud},
	Volume = {25},
	Year = {2014}}

@article{Priyanka:2014,
	Author = {Priyanka, Zorige and Nagaraju, K and Venkateswarlu, Y},
	Date-Added = {2019-09-29 21:33:09 -0400},
	Date-Modified = {2019-09-29 21:34:23 -0400},
	Journal = {International Journal on Recent and Innovation Trends in Computing and Communication},
	Number = {12},
	Pages = {3879-3883},
	Title = {Data Anonymization Using Map Reduce on Cloud based A Scalable Two-Phase Top-Down Specialization},
	Volume = {2},
	Year = {2014}}

@inproceedings{Fung:2005,
	Author = {B. C. M. {Fung} and K. {Wang} and P. S. {Yu}},
	Booktitle = {21st International Conference on Data Engineering (ICDE'05)},
	Date-Added = {2019-09-29 21:30:17 -0400},
	Date-Modified = {2019-09-29 21:31:11 -0400},
	Month = {April},
	Pages = {205-216},
	Title = {Top-down specialization for information and privacy preservation},
	Year = {2005}}

@article{Pandilakshmi:2014,
	Author = {Pandilakshmi, K and Banu, G Rashitha},
	Date-Added = {2019-09-29 20:26:21 -0400},
	Date-Modified = {2019-09-29 20:27:03 -0400},
	Journal = {Int J Comput Algor},
	Pages = {1054-9},
	Title = {An advanced bottom up generalization approach for big data on cloud},
	Volume = {3},
	Year = {2014}}

@inproceedings{Hoang:2012,
	Author = {A. {Hoang} and M. {Tran} and A. {Duong} and I. {Echizen}},
	Booktitle = {2012 Eighth International Conference on Computational Intelligence and Security},
	Date-Added = {2019-09-29 19:50:13 -0400},
	Date-Modified = {2019-09-29 19:50:59 -0400},
	Month = {November},
	Pages = {641-645},
	Title = {An Indexed Bottom-up Approach for Publishing Anonymized Data},
	Year = {2012}}

@inproceedings{Ke-Wang:2004,
	Author = {{Ke Wang} and P. S. {Yu} and S. {Chakraborty}},
	Booktitle = {Fourth IEEE International Conference on Data Mining (ICDM'04)},
	Date-Added = {2019-09-29 19:25:38 -0400},
	Date-Modified = {2019-09-29 19:26:33 -0400},
	Month = {November},
	Pages = {249-256},
	Title = {Bottom-up generalization: a data mining solution to privacy protection},
	Year = {2004}}

@article{Al-Zobbi-Mohammed:2018,
	Author = {Al-Zobbi Mohammed, Shahrestani Seyed, Ruan Chun},
	Date-Added = {2019-09-29 18:38:15 -0400},
	Date-Modified = {2019-09-29 18:40:41 -0400},
	Journal = {Journal of Big Data},
	Month = {October},
	Number = {1},
	Pages = {38},
	Title = {Experimenting sensitivity-based anonymization framework in apache spark},
	Volume = {5},
	Year = {2018}}

@inproceedings{Sopaoglu:2007,
	Author = {U. {Sopaoglu} and O. {Abul}},
	Booktitle = {2017 IEEE International Conference on Big Data (Big Data)},
	Date-Added = {2019-09-29 16:48:09 -0400},
	Date-Modified = {2019-09-29 16:49:16 -0400},
	Month = {December},
	Pages = {4513-4521},
	Title = {A top-down k-anonymization implementation for apache spark},
	Year = {2017}}

@inproceedings{Li-N.:2007,
	Author = {N. {Li} and T. {Li} and S. {Venkatasubramanian}},
	Booktitle = {2007 IEEE 23rd International Conference on Data Engineering},
	Date-Added = {2019-09-29 16:17:02 -0400},
	Date-Modified = {2019-09-29 16:24:47 -0400},
	Month = {April},
	Pages = {106-115},
	Title = {t-Closeness: Privacy Beyond k-Anonymity and l-Diversity},
	Year = {2007}}

@article{Machanavajjhala:2007,
	Author = {Machanavajjhala, Ashwin and Kifer, Daniel and Gehrke, Johannes and Venkitasubramaniam, Muthuramakrishnan},
	Date-Added = {2019-09-29 15:41:26 -0400},
	Date-Modified = {2019-09-29 16:07:24 -0400},
	Journal = {ACM Trans. Knowl. Discov. Data},
	Month = {March},
	Number = {1},
	Title = {L-diversity: Privacy Beyond K-anonymity},
	Volume = {1},
	Year = {2007}}

@techreport{Samarati-P.:1998,
	Author = {Samarati P., Sweeney L.},
	Date-Added = {2019-09-28 19:41:25 -0400},
	Date-Modified = {2019-09-29 16:07:17 -0400},
	Institution = {Massachusetts Institute of Technology and SRI International},
	Title = {Protecting privacy when disclosing information: k-anonymity and its enforcement through generalization and supression.},
	Year = {1998}}
